<?xml version="1.0" encoding="UTF-8"?><collection xmlns="http://www.loc.gov/MARC21/slim"><record><leader>00702nam--2200193-i-4500</leader><controlfield tag="001">000034796</controlfield><controlfield tag="002">20161230</controlfield><controlfield tag="005">20161230201040</controlfield><controlfield tag="008">060222s1000------------r-----000-0-rum-d</controlfield><datafield ind1=" " ind2=" " tag="040"><subfield code="a">IFIN-HH</subfield></datafield><datafield ind1=" " ind2=" " tag="041"><subfield code="a">rum</subfield></datafield><datafield ind1=" " ind2=" " tag="080"><subfield code="a">537.222.22(043)</subfield></datafield><datafield ind1="1" ind2=" " tag="100"><subfield code="a">Niculescu, Ecaterina Cornelia</subfield></datafield><datafield ind1="1" ind2="0" tag="245"><subfield code="a">Interactia radiatiei electromagnetice coerente si necoerente cu semiconductori impurificati. contributii la studiul starilor de impuritate in semiconductori</subfield><subfield code="b">Teza</subfield><subfield code="c">Ecaterina cornelia niculescu</subfield></datafield><datafield ind1=" " ind2=" " tag="260"><subfield code="a">Bucuresti</subfield><subfield code="b">Institutul Central De Fizica</subfield><subfield code="c">1985</subfield></datafield><datafield ind1=" " ind2=" " tag="300"><subfield code="a">162P</subfield></datafield><datafield ind1=" " ind2=" " tag="502"><subfield code="a">Conducator Stiintific: Prof.Dr.Ing. Ion M. Popescu</subfield></datafield><datafield ind1=" " ind2=" " tag="852"><subfield code="a">72891</subfield><subfield code="c">537.311.33</subfield></datafield><datafield ind1=" " ind2=" " tag="CAT"><subfield code="a">Sys</subfield><subfield code="c">20110727</subfield><subfield code="h">164013</subfield></datafield></record></collection>